@book{Hillegass,
    author    = "A. Hillegass and A. Preble",
    title     = "Cocoa Programming for Mac OS X",
    year      = "2011",
    edition  = "4th",
    publisher = "Pearson Education Inc",
    address   = "Upper Saddle River, New Jersey"
}

@misc{software:opencv,
      author = "Itseez",
      title = "OpenCV (Open Source Computer Vision)",
      howpublished="Software",
      month = "November",
      year = "2013",
      url = "http://opencv.org/"
}

@misc{software:openssl,
      author = "The OpenSSL Project",
      title = "OpenSSL",
      howpublished="Software",
      month = "November",
      year = "2013",
      url = "http://www.openssl.org/"
}

@misc{software:ssl-xcode,
      author = "Stephen Lombardo",
      title = "openssl-xcode",
      howpublished="Software",
      month = "November",
      year = "2013",
      url = "https://github.com/sqlcipher/openssl-xcode/"
}

@misc{software:cmake,
      author = "Kitware",
      title = "CMake",
      howpublished="Software",
      month = "November",
      year = "2013",
      url = "http://www.cmake.org/"
}

@manual{nswindow,
      author = "Apple",
      title = "NSWindow Class Reference",
      month = "November",
      year = "2013",
}